@article{krethlow2020age,
  title={Age-Specific Effects of Lexical--Semantic Networks on Word Production},
  author={Krethlow, Giulia and Fargier, Rapha{\"e}l and Laganaro, Marina},
  journal={Cognitive science},
  volume={44},
  number={11},
  pages={e12915},
  year={2020},
  publisher={Wiley Online Library}
}

@article{le2019flaubert,
  title={Flaubert: Unsupervised language model pre-training for french},
  author={Le, Hang and Vial, Lo{\"\i}c and Frej, Jibril and Segonne, Vincent and Coavoux, Maximin and Lecouteux, Benjamin and Allauzen, Alexandre and Crabb{\'e}, Beno{\^\i}t and Besacier, Laurent and Schwab, Didier},
  journal={arXiv preprint arXiv:1912.05372},
  year={2019}
}

@inproceedings{rodriguez2020word,
  title={Word associations and the distance properties of context-aware word embeddings},
  author={Rodriguez, Maria A and Merlo, Paola},
  booktitle={Proceedings of the 24th Conference on Computational Natural Language Learning},
  pages={376--385},
  year={2020}
}

@article{linzen2020can,
  title={How can we accelerate progress towards human-like linguistic generalization?},
  author={Linzen, Tal},
  journal={arXiv preprint arXiv:2005.00955},
  year={2020}
}

@article{wulff2018structural,
  title={Structural differences in the semantic networks of younger and older adults},
  author={Wulff, Dirk U and Hills, Thomas and Mata, Rui},
  year={2018},
  publisher={PsyArXiv}
}

@article{welch2020compositional,
  title={Compositional demographic word embeddings},
  author={Welch, Charles and Kummerfeld, Jonathan K and P{\'e}rez-Rosas, Ver{\'o}nica and Mihalcea, Rada},
  journal={arXiv preprint arXiv:2010.02986},
  year={2020}
}

@inproceedings{merlo2019cross,
  title={Cross-lingual word embeddings and the structure of the human bilingual lexicon},
  author={Merlo, Paola and Rodriguez, Maria Andueza},
  booktitle={Proceedings of the 23rd Conference on Computational Natural Language Learning (CoNLL)},
  pages={110--120},
  year={2019}
}

@article{charlesworth2021gender,
  title={Gender stereotypes in natural language: Word embeddings show robust consistency across child and adult language corpora of more than 65 million words},
  author={Charlesworth, Tessa ES and Yang, Victor and Mann, Thomas C and Kurdi, Benedek and Banaji, Mahzarin R},
  journal={Psychological Science},
  volume={32},
  number={2},
  pages={218--240},
  year={2021},
  publisher={SAGE Publications Sage CA: Los Angeles, CA}
}


@inproceedings{nematzadeh2017evaluating,
  title={Evaluating Vector-Space Models of Word Representation, or, The Unreasonable Effectiveness of Counting Words Near Other Words.},
  author={Nematzadeh, Aida and Meylan, Stephan C and Griffiths, Thomas L},
  booktitle={CogSci},
  year={2017}
}


@article{nelson2004university,
  title={The University of South Florida free association, rhyme, and word fragment norms},
  author={Nelson, Douglas L and McEvoy, Cathy L and Schreiber, Thomas A},
  journal={Behavior Research Methods, Instruments, \& Computers},
  volume={36},
  number={3},
  pages={402--407},
  year={2004},
  publisher={Springer}
}


@article{church2017word2vec,
  title={Word2Vec},
  author={Church, Kenneth Ward},
  journal={Natural Language Engineering},
  volume={23},
  number={1},
  pages={155--162},
  year={2017},
  publisher={Cambridge University Press}
}



@inproceedings{pennington2014glove,
  title={Glove: Global vectors for word representation},
  author={Pennington, Jeffrey and Socher, Richard and Manning, Christopher D},
  booktitle={Proceedings of the 2014 conference on empirical methods in natural language processing (EMNLP)},
  pages={1532--1543},
  year={2014}
}

@article{linzen2021syntactic,
  title={Syntactic structure from deep learning},
  author={Linzen, Tal and Baroni, Marco},
  journal={Annual Review of Linguistics},
  volume={7},
  pages={195--212},
  year={2021},
  publisher={Annual Reviews}
}

@article{de2008word,
  title={Word associations: Norms for 1,424 Dutch words in a continuous task},
  author={De Deyne, Simon and Storms, Gert},
  journal={Behavior research methods},
  volume={40},
  number={1},
  pages={198--205},
  year={2008},
  publisher={Springer}
}

@article{devlin2018bert,
  title={Bert: Pre-training of deep bidirectional transformers for language understanding},
  author={Devlin, Jacob and Chang, Ming-Wei and Lee, Kenton and Toutanova, Kristina},
  journal={arXiv preprint arXiv:1810.04805},
  year={2018}
}

@article{landauer1997solution,
  title={A solution to Plato's problem: The latent semantic analysis theory of acquisition, induction, and representation of knowledge.},
  author={Landauer, Thomas K and Dumais, Susan T},
  journal={Psychological review},
  volume={104},
  number={2},
  pages={211},
  year={1997},
  publisher={American Psychological Association}
}

@article{bolukbasi2016man,
  title={Man is to computer programmer as woman is to homemaker? debiasing word embeddings},
  author={Bolukbasi, Tolga and Chang, Kai-Wei and Zou, James Y and Saligrama, Venkatesh and Kalai, Adam T},
  journal={Advances in neural information processing systems},
  volume={29},
  pages={4349--4357},
  year={2016}
}

@inproceedings{mikolov2013linguistic,
  title={Linguistic regularities in continuous space word representations},
  author={Mikolov, Tom{\'a}{\v{s}} and Yih, Wen-tau and Zweig, Geoffrey},
  booktitle={Proceedings of the 2013 conference of the north american chapter of the association for computational linguistics: Human language technologies},
  pages={746--751},
  year={2013}
}

@article{schutze1998automatic,
  title={Automatic word sense discrimination},
  author={Sch{\"u}tze, Hinrich},
  journal={Computational linguistics},
  volume={24},
  number={1},
  pages={97--123},
  year={1998}
}

@inproceedings{wilson2020urban,
  title={Urban dictionary embeddings for slang NLP applications},
  author={Wilson, Steven and Magdy, Walid and McGillivray, Barbara and Garimella, Kiran and Tyson, Gareth},
  booktitle={Proceedings of the 12th Language Resources and Evaluation Conference},
  pages={4764--4773},
  year={2020}
}

@book{taylor2015oxford,
  title={The Oxford handbook of the word},
  author={Taylor, John R},
  year={2015},
  publisher={OUP Oxford}
}


@article{cosgrove2021quantifying,
  title={Quantifying flexibility in thought: The resiliency of semantic networks differs across the lifespan},
  author={Cosgrove, Abigail L and Kenett, Yoed N and Beaty, Roger E and Diaz, Michele T},
  journal={Cognition},
  volume={211},
  pages={104631},
  year={2021},
  publisher={Elsevier}
}


@article{griffiths2007topics,
  title={Topics in semantic representation.},
  author={Griffiths, Thomas L and Steyvers, Mark and Tenenbaum, Joshua B},
  journal={Psychological review},
  volume={114},
  number={2},
  pages={211},
  year={2007},
  publisher={American Psychological Association}
}

@article{de2019small,
  title={The “Small World of Words” English word association norms for over 12,000 cue words},
  author={De Deyne, Simon and Navarro, Danielle J and Perfors, Amy and Brysbaert, Marc and Storms, Gert},
  journal={Behavior research methods},
  volume={51},
  number={3},
  pages={987--1006},
  year={2019},
  publisher={Springer}
}

@article{dumais2004latent,
  title={Latent semantic analysis},
  author={Dumais, Susan T},
  journal={Annual review of information science and technology},
  volume={38},
  number={1},
  pages={188--230},
  year={2004},
  publisher={Wiley Online Library}
}

@article{jenkins1960systematic,
  title={Systematic changes in word association norms: 1910-1952.},
  author={Jenkins, James J and Russell, Wallace A},
  journal={The Journal of Abnormal and Social Psychology},
  volume={60},
  number={3},
  pages={293},
  year={1960},
  publisher={American Psychological Association}
}

@article{de2019bertje,
  title={Bertje: A dutch bert model},
  author={de Vries, Wietse and van Cranenburgh, Andreas and Bisazza, Arianna and Caselli, Tommaso and van Noord, Gertjan and Nissim, Malvina},
  journal={arXiv preprint arXiv:1912.09582},
  year={2019}
}


@article{de2019small,
  title={The “Small World of Words” English word association norms for over 12,000 cue words},
  author={De Deyne, Simon and Navarro, Danielle J and Perfors, Amy and Brysbaert, Marc and Storms, Gert},
  journal={Behavior research methods},
  volume={51},
  number={3},
  pages={987--1006},
  year={2019},
  publisher={Springer}
}


@article{tversky1982similarity,
  title={Similarity, separability, and the triangle inequality.},
  author={Tversky, Amos and Gati, Itamar},
  journal={Psychological review},
  volume={89},
  number={2},
  pages={123},
  year={1982},
  publisher={American Psychological Association}
}

@article{wikimedia2011wikipedia,
  title={Wikipedia editors study: Results from The Editor Survey, April 2011},
  author={Wikimedia Foundation},
  year={2011}
}

@article{bleuler1919upon,
  title={Upon the significance of association experiments.},
  author={Bleuler, Eugen},
  year={1919},
  publisher={Moffat, Yard \& Company}
}
